1523 1057
545 43 591 76 ce.
638 29 967 90 Potetktesmeel.

143 128 224 184 For
249 133 353 181 dem,
385 133 452 175 der
468 131 560 174 ville
593 133 679 176 lave
713 141 840 188 meget
859 133 1143 186 Potetesmeel,
1170 148 1208 177 er
1243 137 1304 177 der
1336 136 1488 190 nytktigt

23 212 65 248 at
105 204 204 257 have
240 217 286 247 en
318 203 628 259 Potetesqvuærn
670 212 714 247 at
747 211 852 249 male
912 210 996 249 dem
1030 219 1129 260 paa,
1180 208 1226 249 da
1262 209 1321 249 det
1354 206 1487 260 fparer

22 274 122 326 id;
171 288 265 319 men
299 276 312 326 I
347 288 391 319 en
427 276 578 320 mindre
612 273 940 332 Huusholdning
976 282 1117 321 lønner
1155 280 1215 320 det
1248 279 1301 332 fig
1336 279 1412 322 ike
1448 287 1489 322 at

23 347 190 404 anffaffe
224 360 271 391 en
306 345 433 402 Ting,
467 350 531 391 der
564 348 706 400 fjelden
743 349 865 393 bliver
899 350 1018 403 brugt
1050 361 1151 392 mere
1188 352 1258 392 end
1293 363 1337 392 en
1359 348 1486 404 Gang

19 431 90 462 om
133 417 273 462 Aaret.
338 416 453 463 Man
500 420 609 471 faner
658 433 760 464 mere
812 419 927 466 Meel
962 422 1008 473 af
1056 420 1207 474 famme
1258 420 1486 467 DQvantum

22 488 193 542 Potetes
226 492 295 533 ved
337 497 378 533 at
411 491 491 534 rive
524 494 610 535 dem
644 504 721 547 paa
755 491 944 544 Nivjern,
988 495 1059 535 end
1093 497 1162 552 ved
1200 501 1243 535 at
1277 496 1381 536 male
1400 497 1485 538 dem

22 573 100 615 paa
150 559 326 613 Qværn,
377 573 425 617 og
460 563 498 615 jo
534 563 651 616 finere
696 562 843 615 Vernet
877 577 928 613 er,
979 563 1015 615 jo
1057 576 1161 607 mere
1203 560 1344 607 Meel
1375 564 1486 617 faaer

22 646 138 678 man.
205 630 272 678 De
308 641 411 676 tørre
443 636 675 690 meelagtige
703 635 871 688 Potetes
906 636 993 690 give
1028 636 1142 686 meeft
1175 632 1302 685 Meel,
1353 648 1400 692 og
1427 639 1488 680 det

23 706 111 760 gjør
148 706 253 750 intet
284 706 330 748 til
379 704 531 760 Sagen
582 719 647 751 om
682 711 724 750 de
758 720 817 751 ere
877 709 985 750 røde.
1050 703 1183 749 Melet
1231 706 1356 750 bliver
1411 709 1485 763 lige

23 777 152 825 Hvidt.
218 774 316 821 Den
351 774 442 826 Tid,
479 780 528 820 da
565 780 607 821 de
642 786 759 832 netop
795 791 852 822 ere
887 786 1054 832 optagne
1074 778 1119 822 af
1140 776 1314 829 Jorden,
1350 792 1388 822 er
1410 781 1484 823 den

24 845 251 902 befeiligfte;
306 847 364 899 thi
399 851 448 892 da
481 849 555 893 Fan
590 863 687 894 man
739 852 831 905 fane
864 853 948 894 dem
999 862 1086 894 rene
1116 854 1185 893 ved
1220 849 1485 905 Skrubnina,

25 931 74 973 og
106 919 228 973 flippe
261 925 305 963 at
336 919 479 972 fErælle
512 923 611 971 dem,
632 934 695 977 'og
731 935 797 966 om
830 925 950 964 denne
985 918 1204 976 Gnidning
1239 923 1314 966 ikke
1348 936 1386 967 er
1419 923 1488 977 faa

25 998 154 1045 meget
176 988 388 1045 hurtigere,
440 1003 478 1035 er
515 994 586 1037 den
623 995 697 1048 dog
731 995 861 1046 bedre;
914 991 971 1048 thi
1037 995 1098 1036 det
1129 992 1292 1047 Mderfte
1326 995 1372 1049 af
1401 993 1487 1048 Po:
