1523 1057
545 43 46 33 ce.
638 29 329 61 Potetktesmeel.

143 128 81 56 For
249 133 104 48 dem,
385 133 67 42 der
468 131 92 43 ville
593 133 86 43 lave
713 141 127 47 meget
859 133 284 53 Potetesmeel,
1170 148 38 29 er
1243 137 61 40 der
1336 136 152 54 nytktigt

23 212 42 36 at
105 204 99 53 have
240 217 46 30 en
318 203 310 56 Potetesqvuærn
670 212 44 35 at
747 211 105 38 male
912 210 84 39 dem
1030 219 99 41 paa,
1180 208 46 41 da
1262 209 59 40 det
1354 206 133 54 fparer

22 274 100 52 id;
171 288 94 31 men
299 276 13 50 I
347 288 44 31 en
427 276 151 44 mindre
612 273 328 59 Huusholdning
976 282 141 39 lønner
1155 280 60 40 det
1248 279 53 53 fig
1336 279 76 43 ike
1448 287 41 35 at

23 347 167 57 anffaffe
224 360 47 31 en
306 345 127 57 Ting,
467 350 64 41 der
564 348 142 52 fjelden
743 349 122 44 bliver
899 350 119 53 brugt
1050 361 101 31 mere
1188 352 70 40 end
1293 363 44 29 en
1359 348 127 56 Gang

19 431 71 31 om
133 417 140 45 Aaret.
338 416 115 47 Man
500 420 109 51 faner
658 433 102 31 mere
812 419 115 47 Meel
962 422 46 51 af
1056 420 151 54 famme
1258 420 228 47 DQvantum

22 488 171 54 Potetes
226 492 69 41 ved
337 497 41 36 at
411 491 80 43 rive
524 494 86 41 dem
644 504 77 43 paa
755 491 189 53 Nivjern,
988 495 71 40 end
1093 497 69 55 ved
1200 501 43 34 at
1277 496 104 40 male
1400 497 85 41 dem

22 573 78 42 paa
150 559 176 54 Qværn,
377 573 48 44 og
460 563 38 52 jo
534 563 117 53 finere
696 562 147 53 Vernet
877 577 51 36 er,
979 563 36 52 jo
1057 576 104 31 mere
1203 560 141 47 Meel
1375 564 111 53 faaer

22 646 116 32 man.
205 630 67 48 De
308 641 103 35 tørre
443 636 232 54 meelagtige
703 635 168 53 Potetes
906 636 87 54 give
1028 636 114 50 meeft
1175 632 127 53 Meel,
1353 648 47 44 og
1427 639 61 41 det

23 706 88 54 gjør
148 706 105 44 intet
284 706 46 42 til
379 704 152 56 Sagen
582 719 65 32 om
682 711 42 39 de
758 720 59 31 ere
877 709 108 41 røde.
1050 703 133 46 Melet
1231 706 125 44 bliver
1411 709 74 54 lige

23 777 129 48 Hvidt.
218 774 98 47 Den
351 774 91 52 Tid,
479 780 49 40 da
565 780 42 41 de
642 786 117 46 netop
795 791 57 31 ere
887 786 167 46 optagne
1074 778 45 44 af
1140 776 174 53 Jorden,
1350 792 38 30 er
1410 781 74 42 den

24 845 227 57 befeiligfte;
306 847 58 52 thi
399 851 49 41 da
481 849 74 44 Fan
590 863 97 31 man
739 852 92 53 fane
864 853 84 41 dem
999 862 87 32 rene
1116 854 69 39 ved
1220 849 265 56 Skrubnina,

25 931 49 42 og
106 919 122 54 flippe
261 925 44 38 at
336 919 143 53 fErælle
512 923 99 48 dem,
632 934 63 43 'og
731 935 66 31 om
830 925 120 39 denne
985 918 219 58 Gnidning
1239 923 75 43 ikke
1348 936 38 31 er
1419 923 69 54 faa

25 998 129 47 meget
176 988 212 57 hurtigere,
440 1003 38 32 er
515 994 71 43 den
623 995 74 53 dog
731 995 130 51 bedre;
914 991 57 57 thi
1037 995 61 41 det
1129 992 163 55 Mderfte
1326 995 46 54 af
1401 993 86 55 Po:
